@misc{libnoise, 
	title = {libnoise},	
	howpublished = {\url{http://libnoise.sourceforge.net/}},

}